% This file was created with JabRef 2.10.
% Encoding: Cp1252


@Article{Pernul1994,
  Title                    = {Database security},
  Author                   = {Pernul, G{\"u}nther},
  Journal                  = {Advances in Computers},
  Year                     = {1994},
  Pages                    = {1--72},
  Volume                   = {38}
}

@book{pernul2009datenbanken,
  title={Datenbanken im Unternehmen: Analyse, Modellbildung und Einsatz},
  author={Pernul, G{\"u}nther and Unland, Rainer},
  year={2009},
  publisher={Walter de Gruyter}
}
